<record><leader>00000cas a22000007a 4500</leader><controlfield tag="001">37117153</controlfield><controlfield tag="008">970614c19919999inuwr ne      0    0eng d</controlfield><datafield ind1=" " ind2=" " tag="010"><subfield code="a">sn 97068717 </subfield></datafield><datafield ind1=" " ind2=" " tag="040"><subfield code="a">NPI</subfield><subfield code="b">eng</subfield><subfield code="c">NPI</subfield><subfield code="d">OCLCQ</subfield></datafield><datafield ind1=" " ind2=" " tag="042"><subfield code="a">msc</subfield></datafield><datafield ind1="0" ind2="0" tag="245"><subfield code="a">Western Wayne news.</subfield></datafield><datafield ind1=" " ind2=" " tag="260"><subfield code="a">Cambridge City, Ind. :</subfield><subfield code="b">[Ed &amp; Janis Buhl],</subfield><subfield code="c">1991-</subfield></datafield><datafield ind1=" " ind2=" " tag="300"><subfield code="a">v. :</subfield><subfield code="b">ill.</subfield></datafield><datafield ind1=" " ind2=" " tag="310"><subfield code="a">Weekly</subfield></datafield><datafield ind1="0" ind2=" " tag="362"><subfield code="a">Vol. 1, no. 1 (Sept. 4, 1991)-</subfield></datafield><datafield ind1=" " ind2=" " tag="515"><subfield code="a">Vol. 11, no. 6 repeated in enumeration.</subfield></datafield><datafield ind1=" " ind2=" " tag="580"><subfield code="a">Centerville news (formerly the Centerville truth) published as a consecutively paged section of the Western Wayne news and continues the enumeration of the Centerville truth.</subfield></datafield><datafield ind1="0" ind2="2" tag="730"><subfield code="a">Centerville news (Centerville, Ind.)</subfield></datafield><datafield ind1=" " ind2=" " tag="752"><subfield code="a">United States</subfield><subfield code="b">Indiana</subfield><subfield code="c">Wayne</subfield><subfield code="d">Cambridge City.</subfield></datafield><datafield ind1="0" ind2="5" tag="780"><subfield code="t">Centerville truth</subfield><subfield code="w">(DLC)sn2001062806</subfield></datafield><datafield ind1="1" ind2=" " tag="029"><subfield code="a">AU@</subfield><subfield code="b">000013335548</subfield></datafield></record>